3917 5117
94 390 95 397 '
198 402 236 447 ³
343 345 830 511 urruns-premens
859 358 1182 487 emmenum.
1266 420 1337 509 ,ar
1414 378 1436 409 ⁸
1537 346 1568 457 Ϊ
1716 410 1760 429 ’·

241 602 344 677 Tum.
356 601 382 670 l.
401 593 431 695 §.
447 615 533 671 not.
548 610 584 667 et
597 590 680 689 lid
692 613 774 681 502.
785 589 1340 690 proposuerat,eolligitA.effluria

239 702 426 793 magnetica
441 698 562 771 donata
578 697 717 793 'quidem
739 692 864 767 debere
876 691 993 768 eile‘ri
1017 694 1202 770 attrallriee
1221 718 1338 776 mutua

92 808 100 897 J*
155 888 165 899 ι
238 800 492 875 rationehabita
512 799 673 891 magnetis
692 813 727 867 et
743 796 841 882 ferri,
868 821 906 867 ex
921 796 1047 892 quolit,
1062 814 1100 871 ut
1112 798 1198 872 haee
1211 827 1337 902 eorpo-

116 902 123 909 ’
190 922 195 929 ’
236 928 271 975 ra
285 904 402 975 maiori
417 895 596 985 eeleritate,
613 922 711 995 quam
726 896 785 969 alia
804 920 1004 995 quaecunqu
1049 900 1337 977 etrefratiionem

209 1064 213 1073 ,
234 1002 403 1077 subeundo
417 991 609 1099 permeant3
639 1000 728 1071 nulla
746 1024 829 1071 vern
849 1022 914 1072 nee
933 924 1120 1075 amadeus
1140 1028 1206 1075 nee
1222 1006 1336 1105 expul-
1383 1006 1393 1021 '

92 1098 111 1201 ‚⁸
210 1108 316 1177 'trice
333 1094 485 1202 respe'elu
512 1102 625 1176 habito
648 1101 790 1174 aliorum
826 1126 1015 1273 corporum
1041 1123 1348 1203 quorumcunque·

234 1206 325 1280 unde
342 1204 397 1291 lit,
422 1224 462 1279 ut
483 1204 550 1277 fine
565 1203 631 1275 ulla
648 1203 779 1300 prorsus
801 1200 880 1275 ecee
905 1227 986 1277 rene
1006 1203 1190 1284 velocitatis
1205 1224 1264 1279 aut
1276 1208 1335 1281 de·

92 1374 93 1395 2
234 1306 388 1388 oenone,
403 1303 873 1403 nonpermeatuslulum‚sed
887 1304 1060 1403 peripsam
1073 1310 1331 1382 interioremeo·
1377 1320 1410 1337 ”’
1514 1362 1518 1370 -

130 1500 141 1509 ¹
187 1418 204 1445 ·‘
232 1434 309 1481 rum
328 1406 534 1482 substantiam
554 1422 740 1503 permeent.
816 1410 864 1475 Ex
881 1402 1003 1503 quibus
1023 1403 1208 1507 allumptis,
1220 1414 1332 1509 eapite

132 1558 135 1565 ·
233 1526 350 1605 quarto
366 1514 530 1581 rationem
552 1506 660 1577 reddit
679 1504 917 1604 propositionis
934 1505 1021 1578 illiue
1038 1504 1333 1586 demonstrandis·

91 1668 93 1681 ,
122 1666 128 1671 .
231 1610 405 1693 ficillimae,
432 1607 703 1699 cur,'limagneti
717 1608 863 1680 ferreum
874 1602 1129 1681 instrumentum
1141 1608 1333 1705 oblongum
1478 1692 1486 1703 t

91 1758 92 1763 κ
231 1712 458 1795 admoveatur,
484 1707 540 1783 fiat
549 1712 635 1779 circa
649 1706 729 1781 illud
740 1711 1083 1802 magneticusvortex,
1099 1706 1202 1806 idque
1217 1711 1331 1784 seeun-
1460 1765 1463 1784 ,

154 1832 166 1883 ·.
232 1814 315 1887 dum
341 1810 603 1909 longitudinem.
630 1814 675 1881 ita
698 1826 735 1883 ut
756 1813 789 1883 in
808 1806 955 1911 partibus
983 1814 1055 1882 eius
1074 1814 1229 1887 extremis
1249 1812 1332 1887 atter

91 1976 111 1999 a,
149 1990 153 1993 ,
232 1920 348 1997 exitus,
370 1940 474 2012 aquo
487 1936 605 2006 magna
618 1920 665 1983 ris
682 1912 867 1985 eorundem
881 1912 1040 2011 erumpit,
1067 1912 1149 1985 alter
1160 1909 1334 2009 ingrellus,

232 2020 266 2089 in
282 2042 384 2117 quem
398 2009 631 2106 intrat'magna'
642 2016 691 2105 vis
707 2014 851 2097 illorum,
865 2038 977 2113 quaea
994 2014 1076 2113 polo
1089 2018 1194 2087 exitus
1208 2040 1331 2113 erupe-
1368 2074 1375 2087 ,
1517 2098 1524 2115 ,

212 2140 319 2193 ,runt
376 2124 506 2205 Quinto
522 2120 640 2214 capite,
659 2114 793 2208 elegans
808 2138 877 2187 nnn
892 2119 1013 2203 minus,
1023 2140 1123 2210 quam
1135 2116 1262 2191 erudita
1272 2142 1332 2189 oe·
1440 2188 1444 2194 ,

232 2223 337 2293 currit
357 2210 547 2316 disquisitio,
574 2213 654 2313 quid
677 2218 789 2289 caune
803 2216 849 2302 sit,
868 2240 930 2289 cur
950 2216 1075 2289 lenum
1095 2221 1283 2309 magnetica
1297 2221 1332 2291 vi
1450 2207 1454 2215 ’

158 2396 163 2407 ,
194 2389 201 2402 ,
230 2324 421 2421 praeditum
439 2328 624 2413 amagnete
641 2313 778 2403 differat,
793 2342 870 2390 curn
892 2321 926 2387 in
946 2315 1025 2397 aliis,
1038 2334 1112 2390 tum
1134 2322 1276 2391 maxime
1296 2322 1332 2392 iri

233 2446 290 2505 eo,
315 2424 405 2518 quod
430 2424 499 2519 poli
522 2422 685 2511 magnetis
705 2420 923 2513 utplurimum
946 2418 1168 2491 immutabiles
1189 2417 1270 2509 lint,
1296 2436 1334 2493 et
1452 2458 1462 2468 ·
1581 2441 1584 2450 ·
1724 2452 1728 2459 ·

93 2570 95 2575 -
190 2556 196 2561 ·
230 2548 320 2621 quae
333 2522 419 2594 illius
433 2546 509 2620 pars
526 2518 662 2592 boream
680 2517 793 2589 versus
810 2516 909 2589 semel
929 2516 1089 2609 dirigitur,
1111 2512 1235 2593 eodem
1249 2522 1332 2593 lem·

90 2690 91 2693 ,
202 2647 294 2727 ,per
309 2620 451 2725 spellat,
476 2646 541 2698 nee
564 2619 757 2692 admotione
781 2617 915 2689 alterius
938 2623 1100 2711 magnetis
1119 2625 1274 2693 virtutem
1298 2622 1332 2694 le

131 2778 141 2787 -
209 2724 448 2823 .ennrertendi
463 2722 652 2795 adulterum
665 2721 788 2791 telluris
803 2718 919 2820 polum
934 2720 1101 2795 ordinarie
1115 2726 1275 2818 acquirat:
1298 2738 1334 2796 at
1402 2797 1410 2807 ,

154 2848 167 2913 :2
229 2828 302 2931 poli
316 2830 395 2912 ferri
410 2824 594 2899 identidem
611 2840 790 2909 mutantur,
805 2836 840 2895 et
849 2818 940 2919 quod
958 2846 1036 2892 aeus
1054 2828 1263 2916 magneticae
1279 2848 1334 2895 ex·

186 2958 195 2975 ’
229 2952 378 3007 tremum
395 2929 436 3001 ad
456 2926 595 2999 alterum
611 2924 776 3017 magnetis
797 2922 912 3022 polum
930 2920 1111 3017 affritium,
1137 2923 1178 2997 ad
1194 2923 1334 2998 boream

90 3104 92 3111 ,
230 3034 264 3105 le
279 3048 378 3107 antea
406 3028 584 3121 dirigebat,
610 3022 739 3114 illud,fi
761 3024 866 3097 altero
887 3024 1037 3096 eiusdem
1058 3030 1224 3121 magnetis
1245 3028 1333 3125 polo

231 3121 396 3229 tetigeris}
424 3132 463 3204 ad
475 3130 841 3203 aullrumeunrertitur.
867 3130 993 3199 Totius
1007 3124 1332 3201 mirabilisdilcrimi·

93 3256 99 3265 '
230 3242 283 3313 nis
301 3224 553 3333 explicationem
569 3256 608 3303 ex
632 3246 747 3302 natura
763 3230 849 3310 ferri,
866 3244 901 3300 et
919 3232 1158 3326 experimentis
1178 3230 1334 3313 Lemerii,

90 3400 95 3409 ,
228 3336 447 3429 Hombergii,
468 3333 696 3427 Gaueatitret
712 3328 989 3405 Musehenbrokii
1002 3329 1152 3417 deducit,
1176 3328 1333 3403 mirifice·

90 3508 96 3519 .
195 3484 197 3489 ·
251 3468 299 3515 ue
314 3438 466 3513 declarat
516 3428 592 3505 1²0st
611 3432 730 3505 multas
755 3436 825 3503 eius
848 3426 983 3523 generis
998 3427 1248 3529 disquisitiones,
1260 3446 1333 3505 tan·

163 3584 169 3589 ·
228 3468 312 3617 dem
328 3539 367 3613 ad
385 3564 457 3611 eam
471 3533 651 3621 deseendit,
677 3558 741 3633 qua
755 3534 855 3605 certis
873 3530 1057 3605 rationibus
1074 3527 1196 3615 efficit,
1217 3531 1283 3605 elle
1297 3536 1332 3605 in

227 3646 360 3721 telluris
377 3638 555 3713 visceribus
579 3633 783 3709 substantiam
801 3630 965 3731 quandam
982 3638 1214 3727 magnetienm,
1232 3632 1273 3707 ab
1288 3634 1335 3733 aig
1383 3650 1387 3659 '

227 3764 309 3821 tero
330 3743 369 3815 ad
386 3744 528 3817 alterum
545 3739 659 3837 pulum
676 3741 926 3837 pertinentem,
953 3758 1040 3833 quae
1054 3738 1262 3831 magneticus
1274 3760 1335 3808 nu·

90 3930 92 3933 ,
229 3852 331 3923 eleus
348 3844 539 3940 appelletur,
555 3856 642 3911 etex
657 3836 836 3938 hypothefi
848 3852 865 3926 ,'
880 3862 982 3935 quarn
998 3836 1260 3935 insequentibus
1280 3862 1334 3909 ca·

90 4032 91 4039 ἵ
128 3954 134 3961 ’
187 3938 194 3945 ’
229 3948 361 4050 pitibus
380 3942 531 4045 pluribus
542 3942 727 4013 rationibus
743 3939 1033 4022 declarausumit,
1050 3939 1189 4033 duplicis
1198 3939 1332 4032 generis

90 4052 121 4131 ,’
230 4048 302 4124 elle
321 4046 518 4145 corpuscula
537 4046 625 4115 cirea
654 4054 844 4134 magnetem
865 4055 974 4109 terrae
998 4038 1158 4113 inclusum
1176 4040 1333 4124 rotantia,
1447 4094 1450 4097 .
1481 4112 1488 4121 ,

101 4188 109 4245 1
170 4210 173 4217 .
229 4174 380 4252 quorum
391 4148 486 4221 aliae
502 4144 583 4244 polu
599 4142 721 4231 bureali
737 4156 873 4226 exeant,
897 4155 932 4212 et
946 4144 1078 4246 circum
1089 4139 1243 4213 tellurem
1251 4162 1342 4310 cog

412 4282 422 4291 ·
747 4246 805 4315 Ee
819 4266 868 4315 ee
898 4264 962 4337 3³,
1221 4262 1292 4319 ‚ve
1337 4315 1345 4325 ¹
