3917 5117
618 492 694 597 536
802 464 1542 567 Novaacrrsuuorronuu
1629 449 1632 455 ’

567 677 592 744 ',
620 687 707 759 hanc
723 676 975 781 disputationem
997 676 1203 751 conferenda
1220 672 1427 755 videbantur.
1477 680 1536 747 Ne
1550 677 1660 769 itaque
1675 672 1724 745 laJ
1759 666 1763 671 ’

450 867 452 875 ,
577 868 579 873 ,
620 786 686 857 bor
712 788 776 853 iarn
792 778 1312 878 perfestusiterumretexendus
1331 775 1423 861 ell'et,
1450 778 1722 868 omniaea‚quae
1752 774 1761 783 '

393 964 395 972 ,
486 888 496 911 “
622 888 657 958 in
670 884 728 956 illo
745 878 919 980 praestanti
932 904 1037 976 opere
1054 882 1189 971 notavit,
1215 884 1250 952 in
1265 878 1391 953 sextum
1414 902 1452 950 ac
1474 877 1649 973 septimum
1658 878 1724 954 Ca}

587 1025 599 1059 ι
624 1002 688 1087 put
708 978 878 1072 congerit.
930 986 1045 1053 Totus
1066 1007 1145 1054 vero
1160 984 1194 1052 in
1208 983 1246 1053 iis
1269 979 1431 1079 capitibus
1451 975 1515 1064 est,
1531 993 1570 1049 ut
1595 972 1725 1072 experi-

569 1087 575 1093 ’
625 1100 766 1160 mentae
783 1080 1087 1157 Muschenhrockio
1103 1082 1249 1179 prolata,
1264 1108 1303 1151 er
1323 1078 1509 1153 constitutis
1523 1076 1724 1172 magneticis

584 1250 593 1263 .
625 1184 806 1263 vorticibus
822 1185 987 1281 explicet,
1011 1182 1157 1279 nihilque
1172 1208 1246 1255 erun
1262 1180 1521 1279 disquifitionem
1536 1182 1727 1257 continere,

627 1286 718 1387 quod
730 1287 800 1357 illos
811 1300 948 1365 evertat,
958 1284 1065 1355 illisve
1075 1281 1333 1367 contrariumfit,
1341 1282 1500 1355 declaret.
1523 1281 1726 1353 Multainet

628 1392 678 1462 dis
707 1384 856 1458 uisrtione
876 1398 992 1456 notatu
1010 1382 1189 1482 digitillinra
1204 1399 1396 1466 occurrunt,
1413 1384 1564 1483 inprimis
1574 1404 1654 1452 curn
1670 1379 1725 1452 Cl.
1749 1412 1755 1416 ·
1788 1408 1799 1424 ι

626 1412 846 1574 Audonl‘erie
855 1502 889 1556 et
897 1485 1017 1559 ordine
1025 1480 1726 1583 experioreutorurnMuschebroliianorunt.

496 1662 501 1672 ,
627 1590 669 1663 ad
678 1586 956 1681 acu'snauticapab
965 1586 1053 1660 orbis
1061 1588 1226 1685 terraquei
1236 1586 1319 1685 polis
1329 1586 1583 1659 declinationem
1592 1580 1726 1654 deduci·

521 1748 524 1761 ,
628 1707 694 1778 tur,
712 1704 813 1787 etque
829 1692 863 1761 in
879 1689 952 1768 hac,
967 1713 1052 1790 quae
1070 1687 1136 1759 aliis
1154 1688 1316 1782 dignitato
1331 1676 1400 1760 non
1409 1684 1576 1767 concedit,
1585 1683 1727 1788 utilitate

631 1794 730 1864 etiam
740 1788 1097 1887 praestat,proprietate
1107 1787 1466 1861 declarandaversatur.
1481 1789 1728 1873 Quam‚exami·

596 1944 599 1951 ·
628 1908 711 1963 nato
725 1894 769 1962 'in
793 1887 1005 1976 antecellunt,
1024 1886 1145 1968 influe
1162 1888 1237 1960 libri
1267 1888 1417 1977 secundi,
1432 1888 1516 1963 libro
1551 1889 1727 1987 inscriptot

629 1994 749 2065 Traite
760 1993 811 2062 sur
829 1993 879 2061 les
895 1995 1031 2061 Aimaus
1043 1977 1208 2062 artifioiel's
1235 2032 1248 2047 ·
1274 1986 1294 2046 -'
1320 2032 1331 2046 ·
1357 1992 1497 2063 traduits
1511 1989 1553 2063 de
1568 1991 1655 2063 deux
1669 2016 1730 2063 ou·

524 2114 527 2119 ·
629 2113 749 2187 vrages
768 2090 904 2185 Anglois
921 2090 962 2163 de
980 2096 1005 2163 Ι.
1019 2091 1157 2163 Michell
1176 2096 1250 2164 etl.
1265 2096 1472 2190 Cantonpar
1487 2092 1518 2164 le
1534 2096 1727 2177 P.llivoire,

404 2220 412 2233 ⁸
629 2192 820 2287 aggreditur
860 2192 1086 2290 explicandam
1110 2191 1195 2265 libro
1231 2196 1349 2280 Illti03
1381 2196 1416 2266 in
1439 2219 1506 2291 quo
1522 2219 1592 2266 non
1616 2193 1730 2265 solum

350 2290 355 2303 '
521 2290 524 2293 ’
631 2294 674 2367 de
690 2294 911 2366 declinatione
925 2296 1109 2386 magnetica
1117 2292 1159 2366 ab
1171 2295 1261 2367 orbis
1275 2277 1440 2393 tedraquei
1454 2297 1552 2392 polis,
1562 2294 1730 2370 sedetiam

629 2396 673 2467 de
689 2396 901 2466 inclinatione
916 2394 1067 2470 eiusdem
1080 2394 1122 2463 ad
1137 2396 1279 2465 eosdem
1287 2400 1361 2486 agit,
1377 2422 1530 2481 monens,
1557 2394 1733 2470 difficulta-

629 2512 700 2569 tem
719 2500 753 2567 in
768 2520 810 2565 eo
829 2496 916 2565 circa
929 2488 1016 2567 hanc
1030 2496 1201 2567 materiam
1214 2493 1353 2592 positam
1369 2494 1457 2583 elle’,
1469 2498 1561 2598 quod
1576 2497 1734 2572 cumbae

630 2594 694 2673 sint
708 2596 787 2668 aliae
799 2600 833 2668 in
847 2594 913 2673 aliis
927 2610 1036 2667 terrae
1052 2596 1148 2683 locis,
1170 2598 1291 2669 eodem
1306 2614 1487 2697 tempore,
1512 2602 1644 2673 etaliae
1656 2598 1732 2672 eliis

437 2712 448 2735 ⁸
541 2722 542 2727 ’
628 2696 840 2797 temporibus
856 2699 888 2769 in
905 2694 1028 2769 eodern
1043 2696 1137 2783 lo‘cn,
1161 2700 1311 2771 nondum
1329 2717 1382 2772 tot
1395 2702 1642 2775 observationes
1657 2699 1729 2776 elle

628 2796 748 2893 latias,
770 2822 854 2897 quae
869 2796 909 2869 ad
933 2797 1067 2896 aliquod
1087 2798 1221 2895 lysterna
1236 2800 1509 2875 constituendum
1528 2798 1730 2892 sufficerent,

626 2900 818 2999 praesertim
833 2900 924 2995 quod
933 2903 1050 2994 attinet
1059 2899 1098 2971 ad
1114 2900 1366 2987 inclinationes,
1381 2897 1499 3002 quibus
1510 2920 1662 2978 accurate
1676 2928 1734 2978 ea·

575 3076 577 3084 ,
625 2999 760 3172 pie'udis
780 3004 877 3072 etiarn
894 2997 1124 3093 diligentilhmi
1145 3017 1179 3073 et
1199 3000 1365 3075 acutiffirni
1386 3009 1446 3076 viri
1465 3006 1536 3080 lere
1556 2992 1665 3103 usque
1688 3004 1733 3079 ad
1861 2998 1862 3053 3

601 3134 605 3141 ·
657 3108 718 3171 aire
740 3117 880 3174 aetatem
901 3102 1029 3173 idoneis
1056 3097 1280 3176 instrumentis
1297 3127 1493 3193 camerunt3
1518 3122 1555 3181 et
1580 3111 1732 3205 quamvis

566 3244 572 3258 ι
598 3226 608 3273 .’
630 3226 722 3274 nuno
735 3200 912 3274 admodum
936 3218 1015 3301 apto
1038 3201 1185 3276 instrulli
1204 3204 1282 3289 bnt,
1307 3224 1419 3281 tamen
1440 3208 1520 3283 illud
1564 3213 1655 3285 aucis
1673 3208 1733 3287 ab·
1767 3298 1776 3305 ,

628 3303 708 3374 hinc
739 3306 830 3377 aunis
858 3302 995 3377 demum
1013 3309 1241 3399 excogitatum
1264 3305 1323 3391 est,
1337 3314 1387 3381 ita
1400 3326 1438 3384 ut
1457 3236 1618 3385 indudriis
1641 3316 1725 3389 viris
1854 3337 1860 3347 ·

628 3426 788 3495 magnum
804 3402 1070 3479 observationum
1084 3432 1263 3481 numerum
1281 3410 1373 3485 illius
1383 3422 1451 3511 ope'
1467 3413 1617 3487 nondutn
1631 3416 1731 3491 colli·

630 3526 713 3597 gere
731 3506 868 3579 licuerit.
894 3530 897 3535 ·
922 3512 1035 3593 Quare
1051 3506 1179 3581 Audiet
1194 3510 1245 3583 cl.
1262 3505 1405 3605 ingenue
1419 3513 1558 3605 latetur,
1585 3542 1730 3616 eaquae

553 3639 558 3651 ¹
623 3608 686 3677 ¹hic
702 3606 859 3705 disputet,
888 3634 956 3680 non
983 3624 1142 3707 oportere
1170 3608 1286 3685 haberi
1311 3614 1388 3685 loco
1412 3616 1652 3711 explicationis,
1672 3620 1731 3694 rel

629 3704 790 3807 theoriae,
799 3708 854 3780 sed
862 3713 1053 3782 tentaminis
1067 3712 1261 3794 earundem,
1270 3716 1303 3785 in
1318 3709 1396 3787 euin
1410 3712 1514 3789 finem
1527 3718 1677 3817 suscepti,
1690 3738 1733 3796 nt

629 3807 852 3877 acutioresad
866 3812 1008 3905 certiora
1019 3812 1217 3901 invenienda
1235 3815 1464 3890 incendantur.
1499 3826 1514 3867 *-
1529 3822 1648 3919 Capite
1662 3830 1734 3923 pri.

627 3906 873 3997 mo‘generales
884 3906 1042 4003 expendit
1055 3912 1164 3982 causas
1178 3912 1406 3991 declinationis
1417 3924 1624 4011 magneticae
1637 3950 1734 4006 acus.

547 4020 550 4028 '
628 4010 707 4089 Qun
721 4008 753 4078 in
767 4032 804 4077 re
818 4004 1027 4107 anrplodlitur
1042 4011 1253 4087 Halleianam
1263 4017 1463 4117 hypothesin
1475 4020 1636 4097 terrestris
1658 4054 1732 4104 me.

623 4110 750 4201 goetici
769 4110 889 4195 nuclei,
905 4128 938 4183 et
954 4128 1097 4210 quatuor
1116 4114 1293 4213 polorum,
1321 4144 1465 4215 qnorum
1480 4121 1548 4195 duo
1566 4122 1727 4205 boreales

624 4206 695 4295 sint,
713 4210 779 4285 duo
791 4210 1038 4292 meridionalea.
1088 4218 1167 4290 Hae
1177 4216 1355 4321 hypotheli
1371 4220 1559 4317 constituta,
1574 4232 1729 4327 primum

903 4354 906 4361 ·
1069 4352 1073 4358 “
1145 4352 1157 4359 “
1397 4357 1403 4362 ·
1601 4329 1732 4411 differte
